@article{southwell,
  author    = {Richard Southwell and
               Jianwei Huang},
  title     = {Complex Networks from Simple Rewrite Systems},
  journal   = {CoRR},
  volume    = {abs/1205.0596},
  year      = {2012},
  url       = {http://arxiv.org/abs/1205.0596},
  eprinttype = {arXiv},
  eprint    = {1205.0596},
  timestamp = {Mon, 13 Aug 2018 16:49:15 +0200},
  biburl    = {https://dblp.org/rec/journals/corr/abs-1205-0596.bib},
  bibsource = {dblp computer science bibliography, https://dblp.org}
}

@article{orcutt1960simulation,
  title={Simulation of economic systems},
  author={Orcutt, Guy H},
  journal={The American Economic Review},
  volume={50},
  number={5},
  pages={894--907},
  year={1960},
  publisher={JSTOR}
}

@article{nykampstatespacedefinition,
    title={State Space Definition},
    author={Duane Nykamp}
}

@book{schiff2011cellular,
  title={Cellular automata: a discrete view of the world},
  author={Schiff, Joel L},
  year={2011},
  publisher={John Wiley \& Sons}
}

@book{toffoli1987cellular,
  title={Cellular automata machines: a new environment for modeling},
  author={Toffoli, Tommaso and Margolus, Norman},
  year={1987},
  publisher={MIT press}
}

@book{harris2010digital,
  title={Digital design and computer architecture},
  author={Harris, David and Harris, Sarah L},
  year={2010},
  publisher={Morgan Kaufmann}
}

@misc{srinivasan2021words,
  title={Words of advice: teaching enzyme kinetics},
  author={Srinivasan, Bharath},
  journal={The FEBS journal},
  volume={288},
  number={7},
  pages={2068--2083},
  year={2021},
  publisher={Wiley Online Library}
}

@article{banks1996discrete,
  title={Discrete-Event System Simulation''Prentice Hall},
  author={Banks, J and Carson, J and Nelson, BL and Nicol, D},
  journal={Inc. EnglewoodCliffs, NewJersey},
  volume={198},
  number={4},
  year={1996}
}

@book{verma2010reliability,
  title={Reliability and safety engineering},
  author={Verma, Ajit Kumar and Ajit, Srividya and Karanki, Durga Rao and others},
  volume={43},
  year={2010},
  publisher={Springer}
}

 @book{
    wolfram_2002, 
    title={A new kind of science}, 
    publisher={Wolfram}, 
    author={Wolfram, S.}, 
    year={2002}
}

@article{
    weisstein,
    title={Moore Neighborhood},
    author={Eric W. Weisstein}
}

 @book{
    ilachinski_2002, 
    place={New Jersey etc.}, 
    title={Cellular automata: A discrete universe}, 
    publisher={World Scientific}, 
    author={Ilachinski, Andrew}, 
    year={2002}
 } 

@book{robeson, 
    title={Logistics Handbook}, 
    publisher={Free Press}, 
    author={James F. Robeson }, 
    year={2011}
} 

@Article{freire,
    AUTHOR = {J. G. Freire and C. C. DaCamara},
    TITLE = {Using cellular automata to simulate wildfire propagation and to assist in fire management},
    JOURNAL = {Natural Hazards and Earth System Sciences},
    VOLUME = {19},
    YEAR = {2019},
    NUMBER = {1},
    PAGES = {169--179},
    URL = {https://nhess.copernicus.org/articles/19/169/2019/},
    DOI = {10.5194/nhess-19-169-2019}
}

@book{wilson2000handbook,
  title={Handbook of computer vision algorithms in image algebra},
  author={Wilson, Joseph N and Ritter, Gerhard X},
  year={2000},
  publisher={CRC press}
}

@book{kier2005modeling,
  title={Modeling chemical systems using cellular automata},
  author={Kier, Lemont B and Seybold, Paul G and Cheng, Chao-Kun},
  year={2005},
  publisher={Springer Science \& Business Media}
}

@book{gutowitz1991cellular,
  title={Cellular automata: Theory and experiment},
  author={Gutowitz, Howard},
  year={1991},
  publisher={MIT press}
}

@article{gardner10fantastic,
  title={The Fantastic Combinations of John Conwayâ€™s New Solitaire Game" Life". 1970},
  author={Gardner, Martin},
  journal={URL: http://ddi. cs. uni-potsdam. de/HyFISCH/Produzieren/lis\_projekt/proj\_gamelife/ConwayScientificAmerican. htm (visited on June 10, 2015)}
}

@article{haq2013comprehensive,
  title={A comprehensive analysis of XML and JSON web technologies},
  author={Haq, Zia Ul and Khan, Gul Faraz and Hussain, Tazar},
  journal={New Developments in Circuits, Systems, Signal Processing, Communications and Computers},
  pages={102--109},
  year={2013}
}

@book{bassett2015introduction,
  title={Introduction to JavaScript object notation: a to-the-point guide to JSON},
  author={Bassett, Lindsay},
  year={2015},
  publisher={" O'Reilly Media, Inc."}
}

@article{wolfram,
    title = {Statistical mechanics of cellular automata},
    author = {Wolfram, S},
    doi = {10.1103/RevModPhys.55.601},
    url = {https://www.osti.gov/biblio/5907680}, journal = {Rev. Mod. Phys.; (United States)},
    volume = 55,
    place = {United States},
    year = 1983,
    month = {7}
}

@article{browserify,
    title={browserify},
    author={browserify},
    year=2010
}

@article {tv4,
    title={Tiny Validator (for v4 JSON Schema)},
    author = {Geraint Luff},
    year = 2018
}

@incollection{karimov2020stacks,
  title={Stacks},
  author={Karimov, Elshad},
  booktitle={Data Structures and Algorithms in Swift},
  pages={27--32},
  year={2020},
  publisher={Springer}
}

 @article{
     alexandridis_2011, 
     title={Wildland fire spread modelling using cellular automata: Evolution in large-scale spatially heterogeneous environments under fire suppression tactics}, 
     volume={20}, 
     DOI={10.1071/wf09119}, 
     number={5}, 
     journal={International Journal of Wildland Fire}, 
     author={Alexandridis, A. and Russo, L. and Vakalis, D. and Bafas, G. V. and Siettos, C. I.}, 
     year={2011}, 
     month={Oct}, 
     pages={633}
 } 

@article{mavroudi, 
    title = {Simulating city growth by using the Cellular Automata Algorithm},
    author = {Antonia Mavroudi},
    url = {https://discovery.ucl.ac.uk/id/eprint/7894/1/7894.pdf},
    year = {2007},
    
}

 @book{louis_nardi_2018, place={Cham}, title={Probabilistic Cellular Automata: Theory, applications and future perspectives}, publisher={Springer International Publishing}, author={Pierre-Yves Louis and Francesca R. Nardi}, year={2018}} 

@article{moreno,
    author = {Diego Ruiz-Moreno and Paula Federico and Graciela Canziani},
    year = {2002},
    month = {06},
    pages = {},
    title = {Population Dynamics Models Based on Cellular Automata that includes Habitat Quality Indices defined through Remote Sensing}
}

@article{wu2002calibration,
  title={Calibration of stochastic cellular automata: the application to rural-urban land conversions},
  author={Wu, Fulong},
  journal={International journal of geographical information science},
  volume={16},
  number={8},
  pages={795--818},
  year={2002},
  publisher={Taylor \& Francis}
}

@article{charters2003thinkaloud,
  title={The use of think-aloud methods in qualitative research an introduction to think-aloud methods},
  author={Charters, Elizabeth},
  journal={Brock Education Journal},
  volume={12},
  number={2},
  year={2003}
}

@article{kowalski, 
    title = {Game Development Tutorial | Cellular Automata and Procedural Map Generation}, 
    author = {Klayton Kowalski}, 
    url = {https://www.youtube.com/watch?v=slTEz6555Ts},
    year = 2020, 
}

@inproceedings{pezoa2016foundations,
  title={Foundations of JSON schema},
  author={Pezoa, Felipe and Reutter, Juan L and Suarez, Fernando and Ugarte, Mart{\'\i}n and Vrgo{\v{c}}, Domagoj},
  booktitle={Proceedings of the 25th International Conference on World Wide Web},
  pages={263--273},
  year={2016}
}

@inproceedings{mahlmann2012spicing,
  title={Spicing up map generation},
  author={Mahlmann, Tobias and Togelius, Julian and Yannakakis, Georgios N},
  booktitle={European Conference on the Applications of Evolutionary Computation},
  pages={224--233},
  year={2012},
  organization={Springer}
}

@inproceedings{ashlock2015evolvable,
  title={Evolvable fashion-based cellular automata for generating cavern systems},
  author={Ashlock, Daniel},
  booktitle={2015 IEEE Conference on Computational Intelligence and Games (CIG)},
  pages={306--313},
  year={2015},
  organization={IEEE}
}

@inproceedings{johnson2010cellular,
  title={Cellular automata for real-time generation of infinite cave levels},
  author={Johnson, Lawrence and Yannakakis, Georgios N and Togelius, Julian},
  booktitle={Proceedings of the 2010 Workshop on Procedural Content Generation in Games},
  pages={1--4},
  year={2010}
}

@article{batty1997cellular,
  title={Cellular automata and urban form: a primer},
  author={Batty, Michael},
  journal={Journal of the American planning association},
  volume={63},
  number={2},
  pages={266--274},
  year={1997},
  publisher={Taylor \& Francis}
}

@article{batty1999modeling,
  title={Modeling urban dynamics through GIS-based cellular automata},
  author={Batty, Michael and Xie, Yichun and Sun, Zhanli},
  journal={Computers, environment and urban systems},
  volume={23},
  number={3},
  pages={205--233},
  year={1999},
  publisher={Elsevier}
}

@article{batty1998urban,
  title={Urban evolution on the desktop: simulation with the use of extended cellular automata},
  author={Batty, Michael},
  journal={Environment and planning A},
  volume={30},
  number={11},
  pages={1943--1967},
  year={1998},
  publisher={SAGE Publications Sage UK: London, England}
}

@book{mccarthy2015p5js,
  title={Getting started with P5. js: Making interactive graphics in JavaScript and processing},
  author={McCarthy, Lauren and Reas, Casey and Fry, Ben},
  year={2015},
  publisher={Maker Media, Inc.}
}

@incollection{rendell2010simple,
  title={A simple universal Turing machine for the game of life Turing machine},
  author={Rendell, Paul},
  booktitle={Game of Life Cellular Automata},
  pages={519--545},
  year={2010},
  publisher={Springer}
}

@incollection{rendell2002turing,
  title={Turing universality of the game of life},
  author={Rendell, Paul},
  booktitle={Collision-based computing},
  pages={513--539},
  year={2002},
  publisher={Springer}
}